

@INPROCEEDINGS{wang2013, 
author={N. C. Wang and R. E. Hudson and L. N. Tan and C. E. Taylor and A. Alwan and K. Yao}, 
booktitle={Proc. Int. Conf. Acoust. Speech, Signal Process}, 
title={Bird phrase segmentation by entropy-driven change point detection}, 
year={2013}, 
pages={773-777}, 
doi={10.1109/ICASSP.2013.6637753}, 
ISSN={1520-6149}, 
}


@InProceedings{hema,
  Title                    = {The modified group delay function and
its application to phoneme recognition},
  Author                  = {Hema A. Murthy and V. R. R. Gadde},
  Booktitle                = {Proc. Int. Conf. Acoust., Speech, Signal
Process.},
  Year                    = {2003},
  Pages                    = {68-71},
  Volume                  = {1}
}



@InProceedings{drugman,
  Title                    = {A new phase-based feature representation
for robust speech recognition},
  Author                  = {Loweimi, Erfan and Ahadi, Seyed Mohammad
and Drugman, Thomas},
  Booktitle                = {Proc. Int. Conf. Acoust. Speech, Signal Process},
  Year                    = {2013},

  Owner                    = {paddy},
  Timestamp                = {2013.08.02}
}


@inproceedings{padman,
  title={Using group delay functions from all-pole models for speaker recognition},
  author={Padmanabhan Rajan and Tomi Kinnunen and Cemal Hanil√ßi and Jouni Pohjalainen and Paavo Alku},
  booktitle={Proc. Interspeech},
    Pages                    = {2489-2493},
  year={2013}
}





@INPROCEEDINGS{Harma, 
author={A. Harma and P. Somervuo}, 
booktitle={Proc. Int. Conf. Acoust. Speech, Signal Process}, 
title={Classification of the harmonic structure in bird vocalization}, 
year={2004}, 
volume={5}, 
 Pages = {701-704}, 
doi={10.1109/ICASSP.2004.1327207}, 
ISSN={1520-6149}, 
}


@misc{data1,
  title = {Cassin's Vireo Recordings},
  howpublished = {\url{http://taylor0.biology.ucla.edu/al/bioacoustics/}},
  note = {Accessed: 2016-03-20},
}


@misc{data2,
  title = {MLSP Bird Classification Challenge 2013},
  howpublished = {\url{https://www.kaggle.com/c/mlsp-2013-birds/data}},
  note = {Accessed: 2016-03-20},
}




@article{Trifa,
   author = "Trifa, Vlad M. and Kirschel, Alexander N. G. and Taylor, Charles E. and Vallejo, Edgar E.",
   title = "Automated species recognition of antbirds in a Mexican rainforest using hidden Markov models",
   journal = "Jnl. Acoust. Soc. Amer.",
   year = "2008",
   volume = "123",
   number = "4", 

   pages = "2424-2431",
  month={Apr},
   doi = "http://dx.doi.org/10.1121/1.2839017" 
}


@ARTICLE{Lee, 
author={C. H. Lee and C. C. Han and C. C. Chuang}, 
journal={IEEE Trans. Audio, Speech, Language Process}, 
title={Automatic Classification of Bird Species From Their Sounds Using Two-Dimensional Cepstral Coefficients}, 
year={2008}, 
volume={16}, 
number={8}, 
pages={1541-1550}, 
keywords={Gaussian processes;audio signal processing;biology computing;cepstral analysis;vector quantisation;2D cepstral coefficients;Gaussian mixture models;audio recordings;birdsong classification;vector quantization;Animals;Audio recording;Birds;Cepstral analysis;Character generation;Computer science;Humans;Prototypes;Spectrogram;Vector quantization;Birdsong classification;Gaussian mixture models (GMMs);two-dimensional Mel-frequency cepstral coefficients}, 
doi={10.1109/TASL.2008.2005345}, 
ISSN={1558-7916}, 
month={Nov},}







@ARTICLE{Somervuo, 
author={P. Somervuo and A. Harma and S. Fagerlund}, 
journal={IEEE Trans. Audio, Speech, Language Process}, 
title={Parametric Representations of Bird Sounds for Automatic Species Recognition}, 
year={2006}, 
volume={14}, 
number={6}, 
pages={2252-2263}, 
keywords={acoustic signal processing;bioacoustics;biocommunications;cepstral analysis;signal classification;signal representation;automatic species recognition;bird song;bird sounds;mel-cepstrum parameters;parametric representations;signal processing techniques;sinusoidal modeling;Acoustic signal processing;Birds;Books;Hidden Markov models;Pattern recognition;Sonogram;Spectrogram;Speech recognition;Testing;Vocabulary;Bird song;Gaussian mixture model (GMM);dynamic time warping (DTW);feature extraction;hidden Markov model (HMM);sinusoidal modeling}, 
doi={10.1109/TASL.2006.872624}, 
ISSN={1558-7916}, 
month={Nov},}


@article{Fagerlund,
 author = {Fagerlund, Seppo},
 title = {Bird Species Recognition Using Support Vector Machines},
 journal = {EURASIP J. Appl. Signal Process.},
 issue_date = {1 January 2007},
 volume = {2007},
 number = {1},
 month = jan,
 year = {2007},
 issn = {1110-8657},
 pages = {64--64},
 numpages = {1},
 
 doi = {10.1155/2007/38637},
 acmid = {1289030},
 publisher = {Hindawi Publishing Corp.},
 address = {New York, NY, United States},
} 



@INPROCEEDINGS{Neal, 
author={L. Neal and F. Briggs and R. Raich and X. Z. Fern}, 
booktitle={Proc. Int. Conf. Acoust. Speech, Signal Process}, 
title={Time-frequency segmentation of bird song in noisy acoustic environments}, 
year={2011}, 
pages={2012-2015}, 
keywords={acoustic noise;acoustic signal processing;audio recording;audio signal processing;learning (artificial intelligence);time-frequency analysis;acoustic energy;audio recording;automated field recorder;bird song segmentation;bird species identification;energy-based time-domain segmentation;low-noise single bird recording;machine learning;noisy acoustic environments;noisy signal;supervised time-frequency audio segmentation method;Birds;Noise;Noise measurement;Radio frequency;Spectrogram;Time frequency analysis;Audio segmentation;bird species identification;time-frequency segmentation}, 
doi={10.1109/ICASSP.2011.5946906}, 
ISSN={1520-6149}, 
}







@INPROCEEDINGS{Lakshmi, 
author={B. Lakshminarayanan and R. Raich and X. Fern}, 
booktitle={Proc. Int. Conf. Mach.  Learn.  Applicat. }, 
title={A Syllable-Level Probabilistic Framework for Bird Species Identification}, 
year={2009}, 
pages={53-59}, 
keywords={Bayes methods;Markov processes;audio signal processing;probability;support vector machines;zoology;Bayes risk minimizing classifier;Markov chain frame independent syllable;bird species identification;independent frame independent syllable model;nearest neighbour classifier;probability distribution;support vector machines;syllable-level probabilistic framework;Bayesian methods;Birds;Classification algorithms;Hidden Markov models;Humans;Machine learning algorithms;Probability distribution;Support vector machine classification;Support vector machines;Vocabulary;Bayesian inference;Probabilistic modeling;audio classification;bird species identification}, 
doi={10.1109/ICMLA.2009.79}, 
}



@INPROCEEDINGS{Kaewtip, 
author={K. Kaewtip  and L. N. Tan and A. Alwan and C. E. Taylor}, 
booktitle={Proc. Int. Conf. Acoust. Speech, Signal Process}, 
title={A robust automatic bird phrase classifier using dynamic time-warping with prominent region identification}, 
year={2013}, 
pages={768-772}, 
keywords={signal classification;spectral analysis;time-frequency analysis;Cassin Vireo bird phrases;additive noise;birdsong phase classification;dynamic time-warping;noisy environments;phrase accuracy;prominent time-frequency regions;region identification;robust automatic bird phrase classifier;template-based techniques;training data;training spectrograms;Abstracts;Databases;MATLAB;Robustness;Speech;Speech enhancement;Vectors;bird phrase classification;dynamic time-warping;limited data;noise-robust;template-based}, 
doi={10.1109/ICASSP.2013.6637752}, 
ISSN={1520-6149}, 
}






@article{agnihotri,
  title={Quantifying vocal mimicry in the greater racket-tailed
drongo: a comparison of automated methods and human assessment},
  author={Agnihotri, Samira and Sundeep, PVDS and Seelamantula,
Chandra Sekhar and Balakrishnan, Rohini},
  journal={PloS one},
  volume={9},
  number={3},
  pages={e89540},
  year={2014},
  publisher={Public Library of Science}
}



@Article{yegnaFormant,
  Title                    = {Formant extraction from
linear-prediction phase spectra},
  Author                  = {Yegnanarayana, B.},
  Journal                  = {Jnl. Acoust. Soc. Amer.},
  Year                    = {1978},
  Number                  = {5},
  Pages                    = {1638--1640},
  Volume                  = {63}
}




@InProceedings{productSpectrum,
  Title                    = {Product of power spectrum and group
delay function for speech recognition},
  Author                  = {D. Zhu and K.K. Paliwal},
  Booktitle                = {Proc. Int. Conf. Acoust., Speech, Signal
Process.},
  Year                    = {2004},
  Pages                    = {125-128},

  Owner                    = {pappu},
  Timestamp                = {2010.01.07}
}

@Article{modgdf,
  Title                    = {Significance of the Modified Group Delay
Feature in Speech Recognition},
  Author                  = {Hegde, R. M. and Murthy, H. A. and Gadde, V. R.},
  Journal                  = {IEEE Trans. Audio, Speech, Lang. Process.},
  Year                    = {2007},

  Month                    = {Jan.},
  Pages                    = {190-202},
  Volume                  = {15},

  Owner                    = {pappu},
  Timestamp                = {2010.01.06}
}








@InProceedings{gdDeriv,
  Title                    = {Efficient representation of short-time
phase based on group delay},
  Author                  = {Banno, Hideki and Lu, Jinlin and
Nakamura, Satoshi and Shikano, Kiyohiro and Kawahara, Hideki},
  Booktitle                = {Proc. Int. Conf. Acoust. Speech Signal Process.},
  Year                    = {1998},
  Pages                    = {861--864},
  Volume                  = {2}
}




@book{catchpole,
  title={Bird song: biological themes and variations},
  author={Catchpole, Clive K and Slater, Peter JB},
  year={2003},
  publisher={Cambridge university press}
}



@Article{hemaSigProc1989,
  Title                    = {Speech processing using group delay functions},
  Author                  = {Murthy, Hema A and Yegnanarayana, B},
  Journal                  = {Signal Processing},
  Year                    = {1991},
  Number                  = {3},
  Pages                    = {259--267},
  Volume                  = {22}
}





@Article{chirpGD,
  Title                    = {Chirp group delay analysis of speech signals},
  Author                  = {Bozkurt, B. and Couvreur, L. and Dutoit, T.},
  Journal                  = {Speech Commun.},
  Year                    = {2007},
  Pages                    = {159-176},
  Volume                  = {49},

  Owner                    = {pappu},
  Timestamp                = {2010.01.07}
}



@ARTICLE{makhoul, 
author={J. Makhoul}, 
journal={Proceedings of the IEEE}, 
title={Linear prediction: A tutorial review}, 
year={1975}, 
volume={63}, 
number={4}, 
pages={561-580}, 
keywords={Control theory;Econometrics;Frequency domain analysis;Information analysis;Predictive models;Rhythm;Signal analysis;Statistics;Time series analysis;Tutorial}, 
doi={10.1109/PROC.1975.9792}, 
ISSN={0018-9219}, 
}